<record xmlns='http://www.loc.gov/MARC21/slim'><leader>01650cgm a2200409 a 4500</leader><controlfield tag='001'>3380998</controlfield><controlfield tag='005'>20141220000954.0</controlfield><controlfield tag='007'>vf|cbahos</controlfield><controlfield tag='008'>950420s1989    xx --- e          vleng d</controlfield><datafield ind1=' ' ind2=' ' tag='035'><subfield code='a'>(NIC)notisARH3625</subfield></datafield><datafield ind1=' ' ind2=' ' tag='035'><subfield code='a'>(OCoLC)41920564</subfield></datafield><datafield ind1=' ' ind2=' ' tag='035'><subfield code='a'>3380998</subfield></datafield><datafield ind1=' ' ind2=' ' tag='040'><subfield code='a'>NIC</subfield><subfield code='c'>NIC</subfield></datafield><datafield ind1=' ' ind2=' ' tag='043'><subfield code='a'>n-us---</subfield></datafield><datafield ind1='0' ind2='0' tag='245'><subfield code='a'>From the 60&apos;s through the 80&apos;s :</subfield><subfield code='b'>the struggle continues</subfield><subfield code='h'>[videorecording] /</subfield><subfield code='c'>Africana Studies and Research Center, Cornell University.</subfield></datafield><datafield ind1=' ' ind2=' ' tag='260'><subfield code='c'>[1989]</subfield></datafield><datafield ind1=' ' ind2=' ' tag='300'><subfield code='a'>videocassettes :</subfield><subfield code='b'>sd., col. ;</subfield><subfield code='c'>1/2 in.</subfield></datafield><datafield ind1=' ' ind2=' ' tag='538'><subfield code='a'>VHS.</subfield></datafield><datafield ind1=' ' ind2=' ' tag='500'><subfield code='a'>Title from videocassette label.</subfield></datafield><datafield ind1='0' ind2=' ' tag='511'><subfield code='a'>Speaker, Bobby Seale.</subfield></datafield><datafield ind1=' ' ind2=' ' tag='518'><subfield code='a'>Videotaped live at Africana Studies and Research Center, Cornell University on April 18, 1989.</subfield></datafield><datafield ind1=' ' ind2=' ' tag='520'><subfield code='a'>Bobby Seale speaks about his involvement in the Black power movement and how the Black Panther Party was formed.</subfield></datafield><datafield ind1=' ' ind2='0' tag='650'><subfield code='a'>African Americans</subfield><subfield code='x'>Social conditions</subfield><subfield code='y'>1964-</subfield></datafield><datafield ind1=' ' ind2='0' tag='650'><subfield code='a'>African Americans</subfield><subfield code='x'>Race identity.</subfield></datafield><datafield ind1='2' ind2='0' tag='610'><subfield code='a'>Black Panther Party.</subfield></datafield><datafield ind1=' ' ind2='0' tag='650'><subfield code='a'>Black power</subfield><subfield code='z'>United States.</subfield></datafield><datafield ind1='2' ind2='7' tag='610'><subfield code='a'>Black Panther Party</subfield><subfield code='2'>fast</subfield><subfield code='0'>(OCoLC)fst00547265</subfield></datafield><datafield ind1=' ' ind2='7' tag='648'><subfield code='a'>Since 1964</subfield><subfield code='2'>fast</subfield></datafield><datafield ind1=' ' ind2='7' tag='650'><subfield code='a'>African Americans</subfield><subfield code='x'>Race identity</subfield><subfield code='2'>fast</subfield><subfield code='0'>(OCoLC)fst00799666</subfield></datafield><datafield ind1=' ' ind2='7' tag='650'><subfield code='a'>African Americans</subfield><subfield code='x'>Social conditions</subfield><subfield code='2'>fast</subfield><subfield code='0'>(OCoLC)fst00799698</subfield></datafield><datafield ind1=' ' ind2='7' tag='650'><subfield code='a'>Black power</subfield><subfield code='2'>fast</subfield><subfield code='0'>(OCoLC)fst00833747</subfield></datafield><datafield ind1=' ' ind2='7' tag='651'><subfield code='a'>United States</subfield><subfield code='2'>fast</subfield><subfield code='0'>(OCoLC)fst01204155</subfield></datafield><datafield ind1='1' ind2=' ' tag='700'><subfield code='a'>Seale, Bobby,</subfield><subfield code='d'>1936-</subfield></datafield><datafield ind1='2' ind2=' ' tag='710'><subfield code='a'>Cornell University.</subfield><subfield code='b'>Africana Studies and Research Center.</subfield></datafield><datafield ind1=' ' ind2=' ' tag='905'><subfield code='a'>19990421120000.0</subfield></datafield><datafield ind1='2' ind2=' ' tag='948'><subfield code='a'>20040615</subfield><subfield code='b'>a</subfield><subfield code='d'>cs269</subfield><subfield code='e'>lts</subfield></datafield><datafield ind1='2' ind2=' ' tag='948'><subfield code='a'>20141219</subfield><subfield code='b'>m</subfield><subfield code='d'>batch</subfield><subfield code='e'>lts</subfield><subfield code='x'>addfast</subfield></datafield></record>